
@book{martin_2018,
	place={Boston}, 
	title={Clean architecture: A craftsman's guide to software structure and Design},
	publisher={Prentice Hall},
	author={Martin, Robert C.},
	year={2018}
} 


@misc{stevewhims,
	title={The component object model - win32 apps},
	url={https://docs.microsoft.com/en-us/windows/win32/com/the-component-object-model},
	journal={Win32 apps | Microsoft Docs}, 
	author={Alex Stevewhims},
}

@misc{ronin23,
  title={"Ronin Specs"},
  url={https://www.dji.com/lv/ronin/info},
  year={2023},
  author={Ronin},
}

@inproceedings{Lee2018,
  title = {A Study on Design of Torque Motor for Drone Gimbal System},
  url = {http://dx.doi.org/10.23919/ICEMS.2018.8549483},
  DOI = {10.23919/icems.2018.8549483},
  booktitle = {2018 21st International Conference on Electrical Machines and Systems (ICEMS)},
  publisher = {IEEE},
  author = {Lee,  Jae-Kwang and Jung,  Dong-Hoon and Kim,  Hyun-Woo and Park,  Yeji and Min,  Young Geun and Ko,  Kwang-Cheol and Kim,  Sol and Park,  Wonkyung and Lee,  Ju},
  year = {2018},
  month = oct 
}

@article{Li2022,
  title = {Real-time normal contact force control for robotic surface processing of workpieces without a priori geometric model},
  volume = {119},
  ISSN = {1433-3015},
  url = {http://dx.doi.org/10.1007/s00170-021-07497-2},
  DOI = {10.1007/s00170-021-07497-2},
  number = {3–4},
  journal = {The International Journal of Advanced Manufacturing Technology},
  publisher = {Springer Science and Business Media LLC},
  author = {Li,  Jian and Guan,  Yisheng and Chen,  Haowen and Wang,  Bing and Zhang,  Tao and Hong,  Jie and Wang,  Danwei},
  year = {2022},
  month = jan,
  pages = {2537–2551}
}

@misc{statistaChinaComposition,
  title={"SatistaChinaComposition"},
  url={https://www.statista.com/statistics/1124008/china-composition-of-gdp-by-industry/},
  year={2023},
  author={Ronstatistain},
}

@misc{vid,
 title = {{M}andatory {S}tate {S}ocial {I}nsurance {C}ontributions --- vid.gov.lv},
  url={https://www.vid.gov.lv/en/mandatory-state-social-insurance-contributions/},
  year={2023},
  author={Vid},
}

@article{Sakama2022,
  title = {Characteristics of Hydraulic and Electric Servo Motors},
  volume = {11},
  ISSN = {2076-0825},
  url = {http://dx.doi.org/10.3390/act11010011},
  DOI = {10.3390/act11010011},
  number = {1},
  journal = {Actuators},
  publisher = {MDPI AG},
  author = {Sakama,  Sayako and Tanaka,  Yutaka and Kamimura,  Akiya},
  year = {2022},
  month = jan,
  pages = {11}
}

@article{Altan2020,
  title = {Model predictive control of three-axis gimbal system mounted on UAV for real-time target tracking under external disturbances},
  volume = {138},
  ISSN = {0888-3270},
  url = {http://dx.doi.org/10.1016/j.ymssp.2019.106548},
  DOI = {10.1016/j.ymssp.2019.106548},
  journal = {Mechanical Systems and Signal Processing},
  publisher = {Elsevier BV},
  author = {Altan,  Ayta\c{c} and Hacıoğlu,  Rıfat},
  year = {2020},
  month = apr,
  pages = {106548}
}

@INPROCEEDINGS{1223234,

  author={Akcayir, Y. and Ozkazanc, Y.},

  booktitle={Proceedings of 2003 IEEE Conference on Control Applications, 2003. CCA 2003.}, 

  title={Gyroscope drift estimation analysis in land navigation systems}, 

  year={2003},

  volume={2},

  number={},

  pages={1488-1491 vol.2},

  keywords={Gyroscopes;Performance analysis;Global Positioning System;Land vehicles;Inertial navigation;Vehicle dynamics;Sensor systems;State estimation;Motion estimation;Turning},

  doi={10.1109/CCA.2003.1223234}}

]